<record><leader>00000cas a22000007a 4500</leader><controlfield tag="001">14221731</controlfield><controlfield tag="008">860916d18881910wiuwr ne      0    0ger d</controlfield><datafield ind1=" " ind2=" " tag="010"><subfield code="a">sn 86086560 </subfield></datafield><datafield ind1=" " ind2=" " tag="040"><subfield code="a">NPV</subfield><subfield code="b">eng</subfield><subfield code="c">NPV</subfield><subfield code="d">OCLCQ</subfield></datafield><datafield ind1=" " ind2=" " tag="042"><subfield code="a">msc</subfield></datafield><datafield ind1="0" ind2=" " tag="130"><subfield code="a">Beobachter (West Bend, Wis.)</subfield></datafield><datafield ind1="1" ind2="0" tag="245"><subfield code="a">Beobachter.</subfield></datafield><datafield ind1="1" ind2="3" tag="246"><subfield code="a">West Bend democrat</subfield></datafield><datafield ind1="1" ind2="3" tag="246"><subfield code="a">West Bend Beobachter</subfield></datafield><datafield ind1="1" ind2="3" tag="246"><subfield code="a">Sonntagsblatt des Beobachters</subfield></datafield><datafield ind1=" " ind2=" " tag="260"><subfield code="a">West Bend, Wis. :</subfield><subfield code="b">Washington Co. Pub. Assn.,</subfield><subfield code="c">1888-1910.</subfield></datafield><datafield ind1=" " ind2=" " tag="300"><subfield code="a">v.</subfield></datafield><datafield ind1=" " ind2=" " tag="310"><subfield code="a">Weekly</subfield></datafield><datafield ind1="0" ind2=" " tag="362"><subfield code="a">Jahrg. 9, nr. 1 (6. Jan., 1888)-jahrg. 30, nr. 34 (26 Aug., 1910).</subfield></datafield><datafield ind1=" " ind2=" " tag="500"><subfield code="a">Added masthead: Sonntagsblatt des Beobachters; Jahrg. 15, nr. 10 (Ma&#776;rz, 1894) - jahrg. 26, nr. 1 (30 Dez., 1904).</subfield></datafield><datafield ind1=" " ind2=" " tag="525"><subfield code="a">Supplements accompany some issues.</subfield></datafield><datafield ind1=" " ind2=" " tag="546"><subfield code="a">In German with some columns in English.</subfield></datafield><datafield ind1=" " ind2=" " tag="752"><subfield code="a">United States</subfield><subfield code="b">Wisconsin</subfield><subfield code="c">Washington</subfield><subfield code="d">West Bend.</subfield></datafield><datafield ind1="0" ind2="0" tag="785"><subfield code="t">West Bend beobachter</subfield><subfield code="w">(DLC)sn 86086561</subfield></datafield></record>